@inproceedings{ruan2016finding,
  title={Finding optimists and pessimists on twitter},
  author={Ruan, Xianzhi and Wilson, Steven and Mihalcea, Rada},
  booktitle={Proceedings of the 54th Annual Meeting of the Association for Computational Linguistics (Volume 2: Short Papers)},
  pages={320--325},
  year={2016}
}

@inproceedings{fujita2013method,
  title={A method for analyzing influence of emotions of posts in SNS conversations},
  author={Fujita, Marina and Watanabe, Jun-Ichiro and Kawamoto, Ken and Akitomi, Tomoaki and Ara, Koji},
  booktitle={2013 International Conference on Social Intelligence and Technology},
  pages={20--27},
  year={2013},
  organization={IEEE}
}

@inproceedings{golbeck2011predictingTW,
  title={Predicting personality from twitter},
  author={Golbeck, Jennifer and Robles, Cristina and Edmondson, Michon and Turner, Karen},
  booktitle={2011 IEEE third international conference on privacy, security, risk and trust and 2011 IEEE third international conference on social computing},
  pages={149--156},
  year={2011},
  organization={IEEE}
}

@incollection{golbeck2011predicting,
  title={Predicting personality with social media},
  author={Golbeck, Jennifer and Robles, Cristina and Turner, Karen},
  booktitle={CHI'11 extended abstracts on human factors in computing systems},
  pages={253--262},
  year={2011}
}

@article{matzler2008personality,
  title={Personality traits and knowledge sharing},
  author={Matzler, Kurt and Renzl, Birgit and M{\"u}ller, Julia and Herting, Stephan and Mooradian, Todd A},
  journal={Journal of economic psychology},
  volume={29},
  number={3},
  pages={301--313},
  year={2008},
  publisher={Elsevier}
}

@article{ristoski2016semantic,
  title={Semantic Web in data mining and knowledge discovery: A comprehensive survey},
  author={Ristoski, Petar and Paulheim, Heiko},
  journal={Journal of Web Semantics},
  volume={36},
  pages={1--22},
  year={2016},
  publisher={Elsevier}
}

@inproceedings{liu2016analyzing,
  title={Analyzing personality through social media profile picture choice},
  author={Liu, Leqi and Preotiuc-Pietro, Daniel and Samani, Zahra Riahi and Moghaddam, Mohsen E and Ungar, Lyle},
  booktitle={Tenth international AAAI conference on web and social media},
  year={2016}
}

@article{bohlouli2015knowledge,
  title={Knowledge discovery from social media using big data-provided sentiment analysis (SoMABiT)},
  author={Bohlouli, Mahdi and Dalter, Jens and Dornh{\"o}fer, Mareike and Zenkert, Johannes and Fathi, Madjid},
  journal={Journal of Information Science},
  volume={41},
  number={6},
  pages={779--798},
  year={2015},
  publisher={SAGE Publications Sage UK: London, England}
}

@article{medhat2014sentiment,
  title={Sentiment analysis algorithms and applications: A survey},
  author={Medhat, Walaa and Hassan, Ahmed and Korashy, Hoda},
  journal={Ain Shams engineering journal},
  volume={5},
  number={4},
  pages={1093--1113},
  year={2014},
  publisher={Elsevier}
}

@inproceedings{alam2014predicting,
  title={Predicting personality traits using multimodal information},
  author={Alam, Firoj and Riccardi, Giuseppe},
  booktitle={Proceedings of the 2014 ACM multi media on workshop on computational personality recognition},
  pages={15--18},
  year={2014}
}

@article{li2014social,
  title={Social network user influence sense-making and dynamics prediction},
  author={Li, Jingxuan and Peng, Wei and Li, Tao and Sun, Tong and Li, Qianmu and Xu, Jian},
  journal={Expert Systems with Applications},
  volume={41},
  number={11},
  pages={5115--5124},
  year={2014},
  publisher={Elsevier}
}

@article{agostino2013using,
  title={Using social media to engage citizens: A study of Italian municipalities},
  author={Agostino, Deborah},
  journal={Public Relations Review},
  volume={39},
  number={3},
  pages={232--234},
  year={2013},
  publisher={Elsevier}
}

@inproceedings{asur2010predicting,
  title={Predicting the future with social media},
  author={Asur, Sitaram and Huberman, Bernardo A},
  booktitle={2010 IEEE/WIC/ACM international conference on web intelligence and intelligent agent technology},
  volume={1},
  pages={492--499},
  year={2010},
  organization={IEEE}
}

@article{zhang2012deciphering,
  title={Deciphering word-of-mouth in social media: Text-based metrics of consumer reviews},
  author={Zhang, Zhu and Li, Xin and Chen, Yubo},
  journal={ACM Transactions on Management Information Systems (TMIS)},
  volume={3},
  number={1},
  pages={1--23},
  year={2012},
  publisher={ACM New York, NY, USA}
}

@article{ellison2013sociality,
  title={Sociality through social network sites},
  author={Ellison, Nicole B and Boyd, Danah},
  journal={The Oxford handbook of internet studies},
  pages={151--172},
  year={2013},
  publisher={Oxford University Press Oxford}
}

@article{ferguson2005evolving,
  title={Evolving from information to insight},
  author={Ferguson, Glover and Mathur, Sanjay and Shah, Baiju},
  journal={MIT Sloan Management Review},
  volume={46},
  number={2},
  pages={51},
  year={2005},
  publisher={Massachusetts Institute of Technology, Cambridge, MA}
}

@book{foreman2013data,
  title={Data smart: Using data science to transform information into insight},
  author={Foreman, John W},
  year={2013},
  publisher={John Wiley \& Sons}
}

@inproceedings{bawa2018extraction,
  title={Extraction and Use of Personality Traits from Written Commentary},
  author={Bawa, Gurpreet Singh and Pakira, Kaustav and Sharma, Sanjay},
  booktitle={2018 International Conference on Computational Science and Computational Intelligence (CSCI)},
  pages={1332--1335},
  year={2018},
  organization={IEEE}
}

@article{lin2017personality,
  title={Personality-based refinement for sentiment classification in microblog},
  author={Lin, Junjie and Mao, Wenji and Zeng, Daniel D},
  journal={Knowledge-Based Systems},
  volume={132},
  pages={204--214},
  year={2017},
  publisher={Elsevier}
}

@article{ortigosa2014sentiment,
  title={Sentiment analysis in Facebook and its application to e-learning},
  author={Ortigosa, Alvaro and Mart{\'\i}n, Jos{\'e} M and Carro, Rosa M},
  journal={Computers in human behavior},
  volume={31},
  pages={527--541},
  year={2014},
  publisher={Elsevier}
}

@article{scott2011social,
  title={Social network analysis: developments, advances, and prospects},
  author={Scott, John},
  journal={Social network analysis and mining},
  volume={1},
  number={1},
  pages={21--26},
  year={2011},
  publisher={Springer}
}

@inproceedings{romero2011influence,
  title={Influence and passivity in social media},
  author={Romero, Daniel M and Galuba, Wojciech and Asur, Sitaram and Huberman, Bernardo A},
  booktitle={Joint European Conference on Machine Learning and Knowledge Discovery in Databases},
  pages={18--33},
  year={2011},
  organization={Springer}
}

@inproceedings{java2007we,
  title={Why we twitter: understanding microblogging usage and communities},
  author={Java, Akshay and Song, Xiaodan and Finin, Tim and Tseng, Belle},
  booktitle={Proceedings of the 9th WebKDD and 1st SNA-KDD 2007 workshop on Web mining and social network analysis},
  pages={56--65},
  year={2007}
}

@inproceedings{pennacchiotti2011machine,
  title={A machine learning approach to twitter user classification},
  author={Pennacchiotti, Marco and Popescu, Ana-Maria},
  booktitle={Fifth international AAAI conference on weblogs and social media},
  year={2011}
}

@inproceedings{tinati2012identifying,
  title={Identifying communicator roles in twitter},
  author={Tinati, Ramine and Carr, Leslie and Hall, Wendy and Bentwood, Jonny},
  booktitle={Proceedings of the 21st International Conference on World Wide Web},
  pages={1161--1168},
  year={2012}
}

@inproceedings{chen2014inferring,
  title={Inferring topic-dependent influence roles of Twitter users},
  author={Chen, Chengyao and Gao, Dehong and Li, Wenjie and Hou, Yuexian},
  booktitle={Proceedings of the 37th international ACM SIGIR conference on Research \& development in information retrieval},
  pages={1203--1206},
  year={2014}
}

@article{riquelme2016measuring,
  title={Measuring user influence on Twitter: A survey},
  author={Riquelme, Fabi{\'a}n and Gonz{\'a}lez-Cantergiani, Pablo},
  journal={Information processing \& management},
  volume={52},
  number={5},
  pages={949--975},
  year={2016},
  publisher={Elsevier}
}

@inproceedings{kwak2010twitter,
  title={What is Twitter, a social network or a news media?},
  author={Kwak, Haewoon and Lee, Changhyun and Park, Hosung and Moon, Sue},
  booktitle={Proceedings of the 19th international conference on World wide web},
  pages={591--600},
  year={2010}
}

@article{kane2014s,
  title={Whatâ€™s different about social media networks? A framework and research agenda},
  author={Kane, Gerald C and Alavi, Maryam and Labianca, Giuseppe and Borgatti, Stephen P},
  journal={MIS quarterly},
  volume={38},
  number={1},
  pages={275--304},
  year={2014},
  publisher={JSTOR}
}

@article{rosenthal2019semeval,
  title={SemEval-2017 task 4: Sentiment analysis in Twitter},
  author={Rosenthal, Sara and Farra, Noura and Nakov, Preslav},
  journal={arXiv preprint arXiv:1912.00741},
  year={2019}
}

@article{cer2017semeval,
  title={Semeval-2017 task 1: Semantic textual similarity-multilingual and cross-lingual focused evaluation},
  author={Cer, Daniel and Diab, Mona and Agirre, Eneko and Lopez-Gazpio, Inigo and Specia, Lucia},
  journal={arXiv preprint arXiv:1708.00055},
  year={2017}
}

@inproceedings{barbieri2018semeval,
  title={Semeval 2018 task 2: Multilingual emoji prediction},
  author={Barbieri, Francesco and Camacho-Collados, Jose and Ronzano, Francesco and Anke, Luis Espinosa and Ballesteros, Miguel and Basile, Valerio and Patti, Viviana and Saggion, Horacio},
  booktitle={Proceedings of The 12th International Workshop on Semantic Evaluation},
  pages={24--33},
  year={2018}
}

@article{munoz2017measure,
  title={How to measure engagement in Twitter: advancing a metric},
  author={Mu{\~n}oz-Exp{\'o}sito, Miriam and Oviedo-Garc{\'\i}a, M {\'A}ngeles and Castellanos-Verdugo, Mario},
  journal={Internet Research},
  year={2017},
  publisher={Emerald Publishing Limited}
}

@inproceedings{bakshy2011everyone,
  title={Everyone's an influencer: quantifying influence on twitter},
  author={Bakshy, Eytan and Hofman, Jake M and Mason, Winter A and Watts, Duncan J},
  booktitle={Proceedings of the fourth ACM international conference on Web search and data mining},
  pages={65--74},
  year={2011}
}

@inproceedings{cha2010measuring,
  title={Measuring user influence in twitter: The million follower fallacy},
  author={Cha, Meeyoung and Haddadi, Hamed and Benevenuto, Fabricio and Gummadi, Krishna P},
  booktitle={fourth international AAAI conference on weblogs and social media},
  year={2010}
}

@inproceedings{weng2010twitterrank,
  title={Twitterrank: finding topic-sensitive influential twitterers},
  author={Weng, Jianshu and Lim, Ee-Peng and Jiang, Jing and He, Qi},
  booktitle={Proceedings of the third ACM international conference on Web search and data mining},
  pages={261--270},
  year={2010}
}

@article{bruns2014metrics,
  title={Metrics for understanding communication on Twitter},
  author={Bruns, Axel and Stieglitz, Stefan},
  journal={Twitter and society},
  volume={89},
  pages={69--82},
  year={2014},
  publisher={Peter Lang New York}
}

@article{bruns2013towards,
  title={Towards more systematic Twitter analysis: metrics for tweeting activities},
  author={Bruns, Axel and Stieglitz, Stefan},
  journal={International journal of social research methodology},
  volume={16},
  number={2},
  pages={91--108},
  year={2013},
  publisher={Taylor \& Francis}
}

@article{stieglitz2013social,
  title={Social media and political communication: a social media analytics framework},
  author={Stieglitz, Stefan and Dang-Xuan, Linh},
  journal={Social network analysis and mining},
  volume={3},
  number={4},
  pages={1277--1291},
  year={2013},
  publisher={Springer}
}

@article{stieglitz2018sense,
  title={Sense-making in social media during extreme events},
  author={Stieglitz, Stefan and Bunker, Deborah and Mirbabaie, Milad and Ehnis, Christian},
  journal={Journal of Contingencies and Crisis Management},
  volume={26},
  number={1},
  pages={4--15},
  year={2018},
  publisher={Wiley Online Library}
}

@article{zhang2011combining,
  title={Combining lexicon-based and learning-based methods for Twitter sentiment analysis},
  author={Zhang, Lei and Ghosh, Riddhiman and Dekhil, Mohamed and Hsu, Meichun and Liu, Bing},
  journal={HP Laboratories, Technical Report HPL-2011},
  volume={89},
  year={2011}
}

@inproceedings{saif2012semantic,
  title={Semantic sentiment analysis of twitter},
  author={Saif, Hassan and He, Yulan and Alani, Harith},
  booktitle={International semantic web conference},
  pages={508--524},
  year={2012},
  organization={Springer}
}

@article{cambria2016affective,
  title={Affective computing and sentiment analysis},
  author={Cambria, Erik},
  journal={IEEE Intelligent Systems},
  volume={31},
  number={2},
  pages={102--107},
  year={2016},
  publisher={IEEE}
}

@article{thelwall2010sentiment,
  title={Sentiment strength detection in short informal text},
  author={Thelwall, Mike and Buckley, Kevan and Paltoglou, Georgios and Cai, Di and Kappas, Arvid},
  journal={Journal of the American society for information science and technology},
  volume={61},
  number={12},
  pages={2544--2558},
  year={2010},
  publisher={Wiley Online Library}
}

@article{nakov2019semeval,
  title={SemEval-2016 task 4: Sentiment analysis in Twitter},
  author={Nakov, Preslav and Ritter, Alan and Rosenthal, Sara and Sebastiani, Fabrizio and Stoyanov, Veselin},
  journal={arXiv preprint arXiv:1912.01973},
  year={2019}
}

@article{kiritchenko2014sentiment,
  title={Sentiment analysis of short informal texts},
  author={Kiritchenko, Svetlana and Zhu, Xiaodan and Mohammad, Saif M},
  journal={Journal of Artificial Intelligence Research},
  volume={50},
  pages={723--762},
  year={2014}
}

@inproceedings{agirre2014semeval,
  title={Semeval-2014 task 10: Multilingual semantic textual similarity},
  author={Agirre, Eneko and Banea, Carmen and Cardie, Claire and Cer, Daniel and Diab, Mona and Gonzalez-Agirre, Aitor and Guo, Weiwei and Mihalcea, Rada and Rigau, German and Wiebe, Janyce},
  booktitle={Proceedings of the 8th international workshop on semantic evaluation (SemEval 2014)},
  pages={81--91},
  year={2014}
}

@article{stieglitz2018social,
  title={Social media analytics--Challenges in topic discovery, data collection, and data preparation},
  author={Stieglitz, Stefan and Mirbabaie, Milad and Ross, Bj{\"o}rn and Neuberger, Christoph},
  journal={International journal of information management},
  volume={39},
  pages={156--168},
  year={2018},
  publisher={Elsevier}
}

@article{chae2015insights,
  title={Insights from hashtag\# supplychain and Twitter Analytics: Considering Twitter and Twitter data for supply chain practice and research},
  author={Chae, Bongsug Kevin},
  journal={International Journal of Production Economics},
  volume={165},
  pages={247--259},
  year={2015},
  publisher={Elsevier}
}

@article{holsapple2014business,
  title={Business social media analytics: definition, benefits, and challenges},
  author={Holsapple, Clyde and Hsiao, Shih-Hui and Pakath, Ram},
  year={2014}
}

@article{burt2013social,
  title={Social network analysis: Foundations and frontiers on advantage},
  author={Burt, Ronald S and Kilduff, Martin and Tasselli, Stefano},
  journal={Annual review of psychology},
  volume={64},
  pages={527--547},
  year={2013},
  publisher={Annual Reviews}
}

@article{feldman2013techniques,
  title={Techniques and applications for sentiment analysis},
  author={Feldman, Ronen},
  journal={Communications of the ACM},
  volume={56},
  number={4},
  pages={82--89},
  year={2013},
  publisher={ACM New York, NY, USA}
}

@article{pang2008opinion,
  title={Opinion mining and sentiment analysis},
  author={Pang, Bo and Lee, Lillian and others},
  journal={Foundations and Trends{\textregistered} in Information Retrieval},
  volume={2},
  number={1--2},
  pages={1--135},
  year={2008},
  publisher={Now Publishers, Inc.}
}

@article{stieglitz2013emotions,
  title={Emotions and information diffusion in social mediaâ€”sentiment of microblogs and sharing behavior},
  author={Stieglitz, Stefan and Dang-Xuan, Linh},
  journal={Journal of management information systems},
  volume={29},
  number={4},
  pages={217--248},
  year={2013},
  publisher={Taylor \& Francis}
}

@inproceedings{bifet2010sentiment,
  title={Sentiment knowledge discovery in twitter streaming data},
  author={Bifet, Albert and Frank, Eibe},
  booktitle={International conference on discovery science},
  pages={1--15},
  year={2010},
  organization={Springer}
}

@article{kosinski2013private,
  title={Private traits and attributes are predictable from digital records of human behavior},
  author={Kosinski, Michal and Stillwell, David and Graepel, Thore},
  journal={Proceedings of the national academy of sciences},
  volume={110},
  number={15},
  pages={5802--5805},
  year={2013},
  publisher={National Acad Sciences}
}

@article{youyou2015computer,
  title={Computer-based personality judgments are more accurate than those made by humans},
  author={Youyou, Wu and Kosinski, Michal and Stillwell, David},
  journal={Proceedings of the National Academy of Sciences},
  volume={112},
  number={4},
  pages={1036--1040},
  year={2015},
  publisher={National Acad Sciences}
}

@inproceedings{quercia2011our,
  title={Our twitter profiles, our selves: Predicting personality with twitter},
  author={Quercia, Daniele and Kosinski, Michal and Stillwell, David and Crowcroft, Jon},
  booktitle={2011 IEEE third international conference on privacy, security, risk and trust and 2011 IEEE third international conference on social computing},
  pages={180--185},
  year={2011},
  organization={IEEE}
}

@inproceedings{markovikj2013mining,
  title={Mining facebook data for predictive personality modeling},
  author={Markovikj, Dejan and Gievska, Sonja and Kosinski, Michal and Stillwell, David J},
  booktitle={Seventh International AAAI Conference on Weblogs and Social Media},
  year={2013}
}

@inproceedings{abdul2017recognizing,
  title={Recognizing pathogenic empathy in social media},
  author={Abdul-Mageed, Muhammad M and Buffone, Anneke and Peng, Hao and Eichstaedt, Johannes and Ungar, Lyle},
  booktitle={Eleventh International AAAI Conference on Web and Social Media},
  year={2017}
}

@inproceedings{jaidka2018facebook,
  title={Facebook versus Twitter: Differences in Self-Disclosure and Trait Prediction},
  author={Jaidka, Kokil and Guntuku, Sharath Chandra and Ungar, Lyle H},
  booktitle={Twelfth International AAAI Conference on Web and Social Media},
  year={2018}
}

@inproceedings{guntuku2017studying,
  title={Studying personality through the content of posted and liked images on Twitter},
  author={Guntuku, Sharath Chandra and Lin, Weisi and Carpenter, Jordan and Ng, Wee Keong and Ungar, Lyle H and Preo{\c{t}}iuc-Pietro, Daniel},
  booktitle={Proceedings of the 2017 ACM on web science conference},
  pages={223--227},
  year={2017}
}

@article{kern2016gaining,
  title={Gaining insights from social media language: Methodologies and challenges.},
  author={Kern, Margaret L and Park, Gregory and Eichstaedt, Johannes C and Schwartz, H Andrew and Sap, Maarten and Smith, Laura K and Ungar, Lyle H},
  journal={Psychological methods},
  volume={21},
  number={4},
  pages={507},
  year={2016},
  publisher={American Psychological Association}
}

@article{thorstad2018big,
  title={A big data analysis of the relationship between future thinking and decision-making},
  author={Thorstad, Robert and Wolff, Phillip},
  journal={Proceedings of the National Academy of Sciences},
  volume={115},
  number={8},
  pages={E1740--E1748},
  year={2018},
  publisher={National Acad Sciences}
}

@article{murphy2017hands,
  title={A hands-on guide to conducting psychological research on Twitter},
  author={Murphy, Sean C},
  journal={Social Psychological and Personality Science},
  volume={8},
  number={4},
  pages={396--412},
  year={2017},
  publisher={Sage Publications Sage CA: Los Angeles, CA}
}

@inproceedings{ferwerda2015predicting,
  title={Predicting personality traits with instagram pictures},
  author={Ferwerda, Bruce and Schedl, Markus and Tkalcic, Marko},
  booktitle={Proceedings of the 3rd Workshop on Emotions and Personality in Personalized Systems 2015},
  pages={7--10},
  year={2015}
}

@inproceedings{verhoeven2016twisty,
  title={Twisty: a multilingual twitter stylometry corpus for gender and personality profiling},
  author={Verhoeven, Ben and Daelemans, Walter and Plank, Barbara},
  booktitle={Proceedings of the 10th Annual Conference on Language Resources and Evaluation (LREC 2016)/Calzolari, Nicoletta [edit.]; et al.},
  pages={1--6},
  year={2016}
}

@inproceedings{plank-hovy:2015,
  author={Barbara Plank and Dirk Hovy},
  title={Personality Traits on Twitter---Or---How to Get 1,500 Personality Tests in a Week}
  booktitle={The 6th Workshop on Computational Approaches to Subjectivity, Sentiment and Social Media Analysis (WASSA), EMNLP 2015.}
  year=2015,
}

@inproceedings{lima2016predicting,
  title={Predicting temperament from Twitter data},
  author={Lima, Ana Carolina ES and de Castro, Leandro N},
  booktitle={2016 5th IIAI International Congress on Advanced Applied Informatics (IIAI-AAI)},
  pages={599--604},
  year={2016},
  organization={IEEE}
}

@article{adelstein2011personality,
  title={Personality is reflected in the brain's instrinsic functional architecture},
  author={Adelstein, Jonathan S and Shehzad, Zarrar and Mennes, Maarten and DeYoung, Colin G and Zuo, Xi-Nian and Kelly, Clare and Margulies, Daniel S and Bloomfield, Aaron and Gray, Jeremy R and Castellanos, F Xavier and others},
  journal={PloS one},
  year={2011},
  publisher={Public Library of Science}
}

@article{deyoung2010toward,
  title={Toward a theory of the Big Five},
  author={DeYoung, Colin G},
  journal={Psychological Inquiry},
  volume={21},
  number={1},
  pages={26--33},
  year={2010},
  publisher={Taylor \& Francis}
}

@inproceedings{nass2000does,
  title={Does computer-generated speech manifest personality? An experimental test of similarity-attraction},
  author={Nass, Clifford and Lee, Kwan Min},
  booktitle={Proceedings of the SIGCHI conference on Human Factors in Computing Systems},
  pages={329--336},
  year={2000}
}

@article{mccrae1992introduction,
  title={An introduction to the five-factor model and its applications},
  author={McCrae, Robert R and John, Oliver P},
  journal={Journal of personality},
  volume={60},
  number={2},
  pages={175--215},
  year={1992},
  publisher={Wiley Online Library}
}

@article{mccrae1987validation,
  title={Validation of the five-factor model of personality across instruments and observers.},
  author={McCrae, Robert R and Costa, Paul T},
  journal={Journal of personality and social psychology},
  volume={52},
  number={1},
  pages={81},
  year={1987},
  publisher={American Psychological Association}
}
