@inproceedings{golbeck2011predictingTW,
  title={Predicting personality from twitter},
  author={Golbeck, Jennifer and Robles, Cristina and Edmondson, Michon and Turner, Karen},
  booktitle={2011 IEEE third international conference on privacy, security, risk and trust and 2011 IEEE third international conference on social computing},
  pages={149--156},
  year={2011},
  organization={IEEE}
}

@inproceedings{verhoeven2016twisty,
  title={Twisty: a multilingual twitter stylometry corpus for gender and personality profiling},
  author={Verhoeven, Ben and Daelemans, Walter and Plank, Barbara},
  booktitle={Proceedings of the 10th Annual Conference on Language Resources and Evaluation (LREC 2016)/Calzolari, Nicoletta [edit.]; et al.},
  pages={1--6},
  year={2016}
}

@incollection{golbeck2011predicting,
  title={Predicting personality with social media},
  author={Golbeck, Jennifer and Robles, Cristina and Turner, Karen},
  booktitle={CHI'11 extended abstracts on human factors in computing systems},
  pages={253--262},
  year={2011}
}

@inproceedings{ruan2016finding,
  title={Finding optimists and pessimists on twitter},
  author={Ruan, Xianzhi and Wilson, Steven and Mihalcea, Rada},
  booktitle={Proceedings of the 54th Annual Meeting of the Association for Computational Linguistics (Volume 2: Short Papers)},
  pages={320--325},
  year={2016}
}

@article{pennebaker1999linguistic,
  title={Linguistic styles: Language use as an individual difference.},
  author={Pennebaker, James W and King, Laura A},
  journal={Journal of personality and social psychology},
  volume={77},
  number={6},
  pages={1296},
  year={1999},
  publisher={American Psychological Association}
}

@book{foreman2013data,
  title={Data smart: Using data science to transform information into insight},
  author={Foreman, John W},
  year={2013},
  publisher={John Wiley \& Sons}
}

@inproceedings{ferwerda2015predicting,
  title={Predicting personality traits with instagram pictures},
  author={Ferwerda, Bruce and Schedl, Markus and Tkalcic, Marko},
  booktitle={Proceedings of the 3rd Workshop on Emotions and Personality in Personalized Systems 2015},
  pages={7--10},
  year={2015}
}

@article{azucar2018predicting,
  title={Predicting the Big 5 personality traits from digital footprints on social media: A meta-analysis},
  author={Azucar, Danny and Marengo, Davide and Settanni, Michele},
  journal={Personality and individual differences},
  volume={124},
  pages={150--159},
  year={2018},
  publisher={Elsevier}
}

@article{torrero2018wikipedia,
  title={A Wikipedia-based approach to profiling activities on social media},
  author={Torrero, Christian and Caprini, Carlo and Miorandi, Daniele},
  journal={arXiv preprint arXiv:1804.02245},
  year={2018}
}

@inproceedings{bachrach2012personality,
  title={Personality and patterns of Facebook usage},
  author={Bachrach, Yoram and Kosinski, Michal and Graepel, Thore and Kohli, Pushmeet and Stillwell, David},
  booktitle={Proceedings of the 4th annual ACM web science conference},
  pages={24--32},
  year={2012}
}

@article{amichai2010social,
  title={Social network use and personality},
  author={Amichai-Hamburger, Yair and Vinitzky, Gideon},
  journal={Computers in human behavior},
  volume={26},
  number={6},
  pages={1289--1295},
  year={2010},
  publisher={Elsevier}
}

@inproceedings{farnadi2014multivariate,
  title={A multivariate regression approach to personality impression recognition of vloggers},
  author={Farnadi, Golnoosh and Sushmita, Shanu and Sitaraman, Geetha and Ton, Nhat and De Cock, Martine and Davalos, Sergio},
  booktitle={Proceedings of the 2014 ACM Multi Media on Workshop on Computational Personality Recognition},
  pages={1--6},
  year={2014}
}

@article{kosinski2013private,
  title={Private traits and attributes are predictable from digital records of human behavior},
  author={Kosinski, Michal and Stillwell, David and Graepel, Thore},
  journal={Proceedings of the national academy of sciences},
  volume={110},
  number={15},
  pages={5802--5805},
  year={2013},
  publisher={National Acad Sciences}
}

@article{youyou2015computer,
  title={Computer-based personality judgments are more accurate than those made by humans},
  author={Youyou, Wu and Kosinski, Michal and Stillwell, David},
  journal={Proceedings of the National Academy of Sciences},
  volume={112},
  number={4},
  pages={1036--1040},
  year={2015},
  publisher={National Acad Sciences}
}

@inproceedings{quercia2011our,
  title={Our twitter profiles, our selves: Predicting personality with twitter},
  author={Quercia, Daniele and Kosinski, Michal and Stillwell, David and Crowcroft, Jon},
  booktitle={2011 IEEE third international conference on privacy, security, risk and trust and 2011 IEEE third international conference on social computing},
  pages={180--185},
  year={2011},
  organization={IEEE}
}

@article{liu2016language,
  title={A language-independent and compositional model for personality trait recognition from short texts},
  author={Liu, Fei and Perez, Julien and Nowson, Scott},
  journal={arXiv preprint arXiv:1610.04345},
  year={2016}
}

@inproceedings{jaidka2018facebook,
  title={Facebook versus Twitter: Differences in Self-Disclosure and Trait Prediction},
  author={Jaidka, Kokil and Guntuku, Sharath Chandra and Ungar, Lyle H},
  booktitle={Twelfth International AAAI Conference on Web and Social Media},
  year={2018}
}

@inproceedings{abdul2017recognizing,
  title={Recognizing pathogenic empathy in social media},
  author={Abdul-Mageed, Muhammad M and Buffone, Anneke and Peng, Hao and Eichstaedt, Johannes and Ungar, Lyle},
  booktitle={Eleventh International AAAI Conference on Web and Social Media},
  year={2017}
}

@article{zamani2018predicting,
  title={Predicting Human Trustfulness from Facebook Language},
  author={Zamani, Mohammadzaman and Buffone, Anneke and Schwartz, H Andrew},
  journal={arXiv preprint arXiv:1808.05668},
  year={2018}
}

@inproceedings{son2017recognizing,
  title={Recognizing counterfactual thinking in social media texts},
  author={Son, Youngseo and Buffone, Anneke and Raso, Joe and Larche, Allegra and Janocko, Anthony and Zembroski, Kevin and Schwartz, H Andrew and Ungar, Lyle},
  booktitle={Proceedings of the 55th Annual Meeting of the Association for Computational Linguistics (Volume 2: Short Papers)},
  pages={654--658},
  year={2017}
}

@inproceedings{guntuku2017studying,
  title={Studying personality through the content of posted and liked images on Twitter},
  author={Guntuku, Sharath Chandra and Lin, Weisi and Carpenter, Jordan and Ng, Wee Keong and Ungar, Lyle H and Preo{\c{t}}iuc-Pietro, Daniel},
  booktitle={Proceedings of the 2017 ACM on web science conference},
  pages={223--227},
  year={2017}
}

@article{kern2016gaining,
  title={Gaining insights from social media language: Methodologies and challenges.},
  author={Kern, Margaret L and Park, Gregory and Eichstaedt, Johannes C and Schwartz, H Andrew and Sap, Maarten and Smith, Laura K and Ungar, Lyle H},
  journal={Psychological methods},
  volume={21},
  number={4},
  pages={507},
  year={2016},
  publisher={American Psychological Association}
}